<?xml version="1.0" encoding="UTF-8"?><collection xmlns="http://www.loc.gov/MARC21/slim"><record><leader>00436nam--2200169-i-4500</leader><controlfield tag="001">000038909</controlfield><controlfield tag="002">20161230</controlfield><controlfield tag="005">20161230201042</controlfield><controlfield tag="008">060222s1000------------r-----000-0-eng-d</controlfield><datafield ind1=" " ind2=" " tag="040"><subfield code="a">IFIN-HH</subfield></datafield><datafield ind1=" " ind2=" " tag="080"><subfield code="a">534.86</subfield></datafield><datafield ind1="1" ind2=" " tag="100"><subfield code="a">Rettinger, Michael</subfield></datafield><datafield ind1="1" ind2="0" tag="245"><subfield code="a">Practical electroacoustics</subfield><subfield code="c">Michael rettinger</subfield></datafield><datafield ind1=" " ind2=" " tag="260"><subfield code="a">London, Thames And Hudson, /F.A./</subfield></datafield><datafield ind1=" " ind2=" " tag="300"><subfield code="a">271P.CU FIG</subfield></datafield><datafield ind1=" " ind2=" " tag="852"><subfield code="a">12030</subfield><subfield code="c">534</subfield></datafield><datafield ind1=" " ind2=" " tag="CAT"><subfield code="a">Sys</subfield><subfield code="c">20101006</subfield><subfield code="h">135526</subfield></datafield></record></collection>